<mx:record xmlns="http://www.w3.org/TR/xhtml1/strict" xmlns:mx="http://www.loc.gov/MARC21/slim" xmlns:xsi="http://www.w3.org/2001/XMLSchema-instance"><mx:leader>00000nz   2200000n  4500</mx:leader><mx:controlfield tag="001">oca00820152 </mx:controlfield><mx:controlfield tag="005">19840322000000.0</mx:controlfield><mx:controlfield tag="008">820910n| acannaab|          |a aaa |||  </mx:controlfield><mx:datafield ind1=" " ind2=" " tag="010"><mx:subfield code="a">n  82123827</mx:subfield></mx:datafield><mx:datafield ind1=" " ind2=" " tag="040"><mx:subfield code="a">DLC</mx:subfield><mx:subfield code="c">DLC</mx:subfield></mx:datafield><mx:datafield ind1="1" ind2=" " tag="100"><mx:subfield code="a">Asterius, Turcius Rufius Apronianus.</mx:subfield></mx:datafield><mx:datafield ind1="1" ind2=" " tag="400"><mx:subfield code="a">Apronianus, Rufius Turcius</mx:subfield></mx:datafield><mx:datafield ind1="1" ind2=" " tag="400"><mx:subfield code="a">Asterius, Turcius Rufius</mx:subfield></mx:datafield><mx:datafield ind1="0" ind2=" " tag="400"><mx:subfield code="a">Turcius Rufius Apronianus Asterius</mx:subfield></mx:datafield><mx:datafield ind1="0" ind2=" " tag="400"><mx:subfield code="a">Rufius Turcius Apronianus</mx:subfield></mx:datafield><mx:datafield ind1=" " ind2=" " tag="670"><mx:subfield code="a">Vergil. P. Vergili Maronis codex antiquissimus ... 1741 (a.e.)</mx:subfield><mx:subfield code="b">t.p. (a Rufio Turcio Aproniano V.C. distinctus) p. 13 (Turcius Rufius Apronianus Asterius [his own wording])</mx:subfield></mx:datafield><mx:datafield ind1=" " ind2=" " tag="670"><mx:subfield code="a">Chevalier</mx:subfield><mx:subfield code="b">(Asterius, Turcius-Rufius, consul of the West, 494)</mx:subfield></mx:datafield><mx:datafield ind1=" " ind2=" " tag="670"><mx:subfield code="a">BM</mx:subfield><mx:subfield code="b">(Asterius, Turcius Rufius, Apronianus)</mx:subfield></mx:datafield><mx:datafield ind1=" " ind2=" " tag="670"><mx:subfield code="a">Pauly-Wissowa</mx:subfield><mx:subfield code="b">(under Asterius: Turcius Rufius Apronianus Asterius; consul in 494)</mx:subfield></mx:datafield><mx:datafield ind1=" " ind2=" " tag="999"><mx:subfield code="a">28.5657</mx:subfield></mx:datafield></mx:record>